@article{bosch2018hyper,
    title={The {Hyper} {Suprime}-{Cam} software pipeline},
    volume={70},
    journal={Publications of the Astronomical Society of Japan},
    author={Bosch, James and Armstrong, Robert and Bickerton, Steven and others},
    year={2018},
}

@article{melchior2018scarlet,
    title={{SCARLET}: {Source} separation in multi-band images by constrained matrix factorization},
    journal={arXiv:1802.10157},
    author={Melchior, Peter and Moolekamp, Fred and Jerdee, Maximilian and Armstrong, Robert and Sun, Ai-Lei and Bosch, James and Lupton,     Robert},
    year={2018},
    annote={Comment: submitted to Astronomy \& Computing}
}

@article{bertin1996sextractor,
    title={SExtractor: Software for source extraction},
    author={Bertin, Emmanuel and Arnouts, Stephane},
    journal={Astronomy and Astrophysics Supplement Series},
    volume={117},
    number={2},
    pages={393--404},
    year={1996},
    publisher={EDP Sciences}
}